@misc{cicflowpost,
  author = {Canadian Institute for Cybersecurity},
  title = {CICFlowMeter (formerly ISCXFlowMeter)},
  howpublished = {\url{http://web.archive.org/web/20240217173232/https://www.unb.ca/cic/research/applications.html#CICFlowMeter}},
  note = {Accedido en: 2024-02-29}
}

@conference{icissp17,
  author={Arash {Habibi Lashkari}. and Gerard {Draper Gil}. and Mohammad Saiful Islam Mamun. and Ali A. Ghorbani.},
  title={Characterization of Tor Traffic using Time based Features},
  booktitle={Proceedings of the 3rd International Conference on Information Systems Security and Privacy - ICISSP},
  year={2017},
  pages={253-262},
  publisher={SciTePress},
  organization={INSTICC},
  doi={10.5220/0006105602530262},
  isbn={978-989-758-209-7},
  issn={2184-4356},
  note = {Accedido en: 2024-03-04}
}

@misc{cicflowrepo,
  author = {Arash {Habibi Lashkari}. and Gerard {Draper Gil}. and Mohammad Saiful Islam Mamun.},
  title = {{CICFlowMeter (formerly ISCXFlowMeter)}},
  howpublished = {\url{https://github.com/ahlashkari/CICFlowMeter/tree/98a5ebad0df579cc8b43eedd3421b3ae87699901}},
  note = {Accedido en: 2024-03-04}
}

@misc{languagebench,
  author = {hanabi1224},
  title = {{All mandelbrot problem benchmarks}},
  howpublished = {\url{https://web.archive.org/web/20240304181143/https://programming-language-benchmarks.vercel.app/problem/mandelbrot}},
  note = {Accedido en: 2024-03-04}
}

@misc{ipprotocolnumbers,
  author = {Internet Assigned Numbers Authority},
  title = {Protocol Numbers},
  howpublished = {\url{http://web.archive.org/web/20240228094748/http://www.iana.org/assignments/protocol-numbers/protocol-numbers.xhtml}},
  note = {Accedido en: 2024-03-04}
}

@misc{wsharkmanual,
  author = {Gerald Combs},
  title = {{tshark(1) Manual Page}},
  howpublished = {\url{https://www.wireshark.org/docs/man-pages/wireshark.html}},
  note = {Accedido en: 2024-03-06}
}

@misc{wiresharkrealtimestats,
  author = {Kurt Knochner},
  title = {Any way to hook into stats realtime?},
  howpublished = {\url{https://osqa-ask.wireshark.org/questions/40987/any-way-to-hook-into-stats-realtime/}},
  note = {Accedido en: 2024-03-06}
}

@misc{tsharkmanual,
  author = {Gerald Combs},
  title = {{tshark(1) Manual Page}},
  howpublished = {\url{https://www.wireshark.org/docs/man-pages/tshark.html}},
  note = {Accedido en: 2024-03-06}
}

@misc{zeek_documentation,
  author = {The Zeek Project},
  title = {Zeek Documentation},
  howpublished = {\url{https://docs.zeek.org/en/master/index.html}},
  note = {Accedido en: 2024-03-07}
}


@misc{zeek_documentation_cluster,
  author = {The Zeek Project},
  title = {Zeek Cluster Setup},
  howpublished = {\url{https://docs.zeek.org/en/current/cluster-setup.html}},
  note = {Accedido en: 2024-03-07}
}

@misc{zeek_documentation_logwriters,
  author = {The Zeek Project},
  title = {Log Writers},
  howpublished = {\url{https://docs.zeek.org/en/master/customizations.html#log-writers}},
  note = {Accedido en: 2024-03-07}
}

@misc{zeek_documentation_logging,
  author = {The Zeek Project},
  title = {Logging},
  howpublished = {\url{https://docs.zeek.org/en/master/customizations.html#logging}},
  note = {Accedido en: 2024-03-07}
}

@misc{zeek_flowmeter,
  author = {Gamba},
  title = {{Zeek FlowMeter}},
  howpublished = {\url{https://github.com/zeek-flowmeter/zeek-flowmeter/tree/master}},
  note = {Accedido en: 2024-03-07}
}


@misc{nprobe_documentation,
  author = {ntop},
  title = {nProbe documentation},
  howpublished = {\url{https://www.ntop.org/guides/nprobe/}},
  note = {Accedido en: 2024-03-07}
}

@misc{nprobe_documentation_proto_app,
  author = {ntop},
  title = {nProbe application protocols identifiers},
  howpublished = {\url{https://www.ntop.org/guides/nprobe/cli_options.html#application-protocols}},
  note = {Accedido en: 2024-03-07}
}

@article{DBLP:journals/corr/abs-2101-11315,
  author       = {Mohanad Sarhan and
                  Siamak Layeghy and
                  Nour Moustafa and
                  Marius Portmann},
  title        = {Towards a Standard Feature Set of {NIDS} Datasets},
  journal      = {CoRR},
  volume       = {abs/2101.11315},
  year         = {2021},
  url          = {https://arxiv.org/abs/2101.11315},
  eprinttype    = {arXiv},
  eprint       = {2101.11315},
  timestamp    = {Sun, 31 Jan 2021 17:23:50 +0100},
  biburl       = {https://dblp.org/rec/journals/corr/abs-2101-11315.bib},
  bibsource    = {dblp computer science bibliography, https://dblp.org}
}

@book{texbook,
  author = {Donald E. Knuth},
  year = {1986},
  title = {The {\TeX} Book},
  publisher = {Addison-Wesley Professional}
}
